<?xml version="1.0" encoding="UTF-8"?><record xmlns="http://www.loc.gov/MARC21/slim" xmlns:cinclude="http://apache.org/cocoon/include/1.0" xmlns:zs="http://www.loc.gov/zing/srw/">
  <leader>00400nz  a2200133n  4500</leader>
  <controlfield tag="001">nr 92032183 </controlfield>
  <controlfield tag="003">DLC</controlfield>
  <controlfield tag="005">19920925094831.5</controlfield>
  <controlfield tag="008">920910n| acannaab|          |n ana     c</controlfield>
  <datafield tag="010" ind1=" " ind2=" ">
    <subfield code="a">nr 92032183 </subfield>
  </datafield>
  <datafield tag="040" ind1=" " ind2=" ">
    <subfield code="a">PHi</subfield>
    <subfield code="c">PHi</subfield>
  </datafield>
  <datafield tag="110" ind1="2" ind2="0">
    <subfield code="a">Mothers Meeting</subfield>
  </datafield>
  <datafield tag="670" ind1=" " ind2=" ">
    <subfield code="a">Its Record book, 1879-1882</subfield>
    <subfield code="b">(Mothers Meeting)</subfield>
  </datafield>
  <datafield tag="670" ind1=" " ind2=" ">
    <subfield code="a">PHi files</subfield>
    <subfield code="b">(Mothers Meeting; Philadelphia, Pa. clothing sewing club for married women)</subfield>
  </datafield>
</record>